Trade_Time,Price_USD,Volume_BTC,Symbol
2025-09-30 03:07:10.061,114422.0,0.028,BTCUSDT
2025-09-30 03:07:10.359,114422.1,0.001,BTCUSDT
2025-09-30 03:07:10.481,114422.1,0.001,BTCUSDT
2025-09-30 03:07:10.600,114422.1,1.065,BTCUSDT
2025-09-30 03:07:10.720,114422.1,0.009,BTCUSDT
2025-09-30 03:07:10.961,114422.0,0.001,BTCUSDT
2025-09-30 03:07:11.009,114422.0,0.029,BTCUSDT
2025-09-30 03:07:11.293,114422.0,0.001,BTCUSDT
2025-09-30 03:07:11.293,114422.0,0.001,BTCUSDT
2025-09-30 03:07:11.293,114422.0,0.07,BTCUSDT
2025-09-30 03:07:11.293,114422.0,0.07,BTCUSDT
2025-09-30 03:07:11.293,114422.0,0.07,BTCUSDT
2025-09-30 03:07:11.293,114422.0,0.07,BTCUSDT
2025-09-30 03:07:11.293,114422.0,0.07,BTCUSDT
2025-09-30 03:07:11.293,114422.0,0.006,BTCUSDT
2025-09-30 03:07:11.293,114422.0,0.07,BTCUSDT
2025-09-30 03:07:11.293,114422.0,0.002,BTCUSDT
2025-09-30 03:07:11.293,114422.0,0.001,BTCUSDT
2025-09-30 03:07:11.293,114422.0,0.002,BTCUSDT
2025-09-30 03:07:11.293,114422.0,0.002,BTCUSDT
2025-09-30 03:07:11.293,114422.0,0.001,BTCUSDT
2025-09-30 03:07:11.293,114422.0,0.002,BTCUSDT
2025-09-30 03:07:11.293,114422.0,0.002,BTCUSDT
2025-09-30 03:07:11.293,114421.9,0.002,BTCUSDT
2025-09-30 03:07:11.293,114421.9,0.001,BTCUSDT
2025-09-30 03:07:11.293,114421.9,0.001,BTCUSDT
2025-09-30 03:07:11.293,114421.8,0.002,BTCUSDT
2025-09-30 03:07:11.293,114421.8,0.2,BTCUSDT
2025-09-30 03:07:11.293,114421.8,0.002,BTCUSDT
2025-09-30 03:07:11.293,114421.7,0.002,BTCUSDT
2025-09-30 03:07:11.293,114421.7,0.002,BTCUSDT
2025-09-30 03:07:11.293,114421.6,0.002,BTCUSDT
2025-09-30 03:07:11.293,114421.2,0.002,BTCUSDT
2025-09-30 03:07:11.293,114421.1,0.002,BTCUSDT
2025-09-30 03:07:11.293,114421.1,0.002,BTCUSDT
2025-09-30 03:07:11.293,114421.1,0.002,BTCUSDT
2025-09-30 03:07:11.293,114421.0,0.002,BTCUSDT
2025-09-30 03:07:11.293,114421.0,0.001,BTCUSDT
2025-09-30 03:07:11.293,114420.9,0.001,BTCUSDT
2025-09-30 03:07:11.293,114420.6,0.001,BTCUSDT
2025-09-30 03:07:11.293,114420.6,0.046,BTCUSDT
2025-09-30 03:07:11.293,114420.5,0.002,BTCUSDT
2025-09-30 03:07:11.293,114420.0,0.001,BTCUSDT
2025-09-30 03:07:11.293,114420.0,0.001,BTCUSDT
2025-09-30 03:07:11.293,114420.0,0.013,BTCUSDT
2025-09-30 03:07:11.293,114420.0,0.004,BTCUSDT
2025-09-30 03:07:11.293,114420.0,0.002,BTCUSDT
2025-09-30 03:07:11.293,114419.9,0.002,BTCUSDT
2025-09-30 03:07:11.293,114419.9,0.002,BTCUSDT
2025-09-30 03:07:11.293,114419.5,0.002,BTCUSDT
2025-09-30 03:07:11.293,114419.4,0.014,BTCUSDT
2025-09-30 03:07:11.293,114419.3,0.002,BTCUSDT
2025-09-30 03:07:11.293,114419.1,0.002,BTCUSDT
2025-09-30 03:07:11.293,114418.8,0.002,BTCUSDT
2025-09-30 03:07:11.293,114418.8,0.002,BTCUSDT
2025-09-30 03:07:11.293,114418.7,0.002,BTCUSDT
2025-09-30 03:07:11.293,114418.1,0.03,BTCUSDT
2025-09-30 03:07:11.293,114418.1,0.002,BTCUSDT
2025-09-30 03:07:11.293,114418.0,0.002,BTCUSDT
2025-09-30 03:07:11.293,114418.0,0.026,BTCUSDT
2025-09-30 03:07:11.293,114417.9,0.001,BTCUSDT
2025-09-30 03:07:11.293,114417.8,0.002,BTCUSDT
2025-09-30 03:07:11.293,114417.7,0.001,BTCUSDT
2025-09-30 03:07:11.293,114417.6,0.001,BTCUSDT
2025-09-30 03:07:11.293,114417.6,0.001,BTCUSDT
2025-09-30 03:07:11.293,114417.6,0.002,BTCUSDT
2025-09-30 03:07:11.293,114417.6,0.002,BTCUSDT
2025-09-30 03:07:11.293,114417.5,0.002,BTCUSDT
2025-09-30 03:07:11.293,114417.3,0.002,BTCUSDT
2025-09-30 03:07:11.293,114417.2,0.002,BTCUSDT
2025-09-30 03:07:11.293,114416.9,0.001,BTCUSDT
2025-09-30 03:07:11.293,114416.9,0.002,BTCUSDT
2025-09-30 03:07:11.293,114416.8,0.005,BTCUSDT
2025-09-30 03:07:11.293,114416.7,0.002,BTCUSDT
2025-09-30 03:07:11.293,114416.3,0.002,BTCUSDT
2025-09-30 03:07:11.293,114416.3,0.03,BTCUSDT
2025-09-30 03:07:11.293,114416.3,0.001,BTCUSDT
2025-09-30 03:07:11.293,114416.2,0.066,BTCUSDT
2025-09-30 03:07:11.293,114416.1,0.002,BTCUSDT
2025-09-30 03:07:11.293,114416.1,0.002,BTCUSDT
2025-09-30 03:07:11.293,114416.0,0.001,BTCUSDT
2025-09-30 03:07:11.293,114415.9,0.026,BTCUSDT
2025-09-30 03:07:11.293,114415.7,0.002,BTCUSDT
2025-09-30 03:07:11.293,114415.4,0.002,BTCUSDT
2025-09-30 03:07:11.293,114415.3,0.002,BTCUSDT
2025-09-30 03:07:11.293,114415.2,0.001,BTCUSDT
2025-09-30 03:07:11.293,114415.2,0.001,BTCUSDT
2025-09-30 03:07:11.293,114415.1,0.002,BTCUSDT
2025-09-30 03:07:11.293,114415.0,0.001,BTCUSDT
2025-09-30 03:07:11.293,114414.7,0.002,BTCUSDT
2025-09-30 03:07:11.293,114414.5,0.002,BTCUSDT
2025-09-30 03:07:11.293,114414.3,0.001,BTCUSDT
2025-09-30 03:07:11.293,114414.3,0.003,BTCUSDT
2025-09-30 03:07:11.293,114414.2,0.001,BTCUSDT
2025-09-30 03:07:11.293,114414.1,0.002,BTCUSDT
2025-09-30 03:07:11.293,114413.9,0.002,BTCUSDT
2025-09-30 03:07:11.293,114413.9,0.002,BTCUSDT
2025-09-30 03:07:11.293,114413.7,0.001,BTCUSDT
2025-09-30 03:07:11.293,114413.6,0.021,BTCUSDT
2025-09-30 03:07:11.293,114413.6,0.003,BTCUSDT
2025-09-30 03:07:11.293,114413.6,0.003,BTCUSDT
2025-09-30 03:07:11.293,114413.5,0.021,BTCUSDT
2025-09-30 03:07:11.293,114413.5,0.384,BTCUSDT
2025-09-30 03:07:11.293,114413.5,0.025,BTCUSDT
2025-09-30 03:07:11.293,114413.4,0.283,BTCUSDT
2025-09-30 03:07:11.523,114413.5,0.007,BTCUSDT
2025-09-30 03:07:12.059,114413.4,0.001,BTCUSDT
2025-09-30 03:07:12.156,114413.4,0.001,BTCUSDT
2025-09-30 03:07:12.156,114413.4,0.001,BTCUSDT
2025-09-30 03:07:12.156,114413.4,0.001,BTCUSDT
2025-09-30 03:07:12.156,114413.4,0.001,BTCUSDT
2025-09-30 03:07:12.156,114413.4,0.025,BTCUSDT
2025-09-30 03:07:12.306,114413.4,0.001,BTCUSDT
2025-09-30 03:07:12.325,114413.5,0.013,BTCUSDT
2025-09-30 03:07:12.492,114413.5,0.001,BTCUSDT
2025-09-30 03:07:12.645,114413.4,0.017,BTCUSDT
2025-09-30 03:07:12.731,114413.4,0.017,BTCUSDT
2025-09-30 03:07:12.793,114413.4,0.01,BTCUSDT
2025-09-30 03:07:12.793,114413.4,0.007,BTCUSDT
2025-09-30 03:07:12.840,114413.4,0.017,BTCUSDT
2025-09-30 03:07:12.882,114413.4,0.017,BTCUSDT
2025-09-30 03:07:12.886,114413.4,0.017,BTCUSDT
2025-09-30 03:07:12.927,114413.4,0.012,BTCUSDT
2025-09-30 03:07:12.927,114413.4,0.002,BTCUSDT
2025-09-30 03:07:12.927,114413.4,0.003,BTCUSDT
2025-09-30 03:07:12.943,114413.4,0.017,BTCUSDT
2025-09-30 03:07:12.958,114413.4,0.017,BTCUSDT
2025-09-30 03:07:13.027,114413.4,0.017,BTCUSDT
2025-09-30 03:07:13.065,114413.4,0.016,BTCUSDT
2025-09-30 03:07:13.065,114413.4,0.062,BTCUSDT
2025-09-30 03:07:13.066,114413.4,0.008,BTCUSDT
2025-09-30 03:07:13.066,114413.4,0.001,BTCUSDT
2025-09-30 03:07:13.066,114413.4,0.07,BTCUSDT
2025-09-30 03:07:13.066,114413.4,0.07,BTCUSDT
2025-09-30 03:07:13.066,114413.4,0.002,BTCUSDT
2025-09-30 03:07:13.066,114413.4,0.003,BTCUSDT
2025-09-30 03:07:13.066,114413.4,0.001,BTCUSDT
2025-09-30 03:07:13.066,114413.4,0.002,BTCUSDT
2025-09-30 03:07:13.066,114413.4,0.001,BTCUSDT
2025-09-30 03:07:13.066,114413.4,0.005,BTCUSDT
2025-09-30 03:07:13.066,114413.4,0.003,BTCUSDT
2025-09-30 03:07:13.066,114413.4,0.002,BTCUSDT
2025-09-30 03:07:13.066,114413.4,0.008,BTCUSDT
2025-09-30 03:07:13.066,114413.4,0.07,BTCUSDT
2025-09-30 03:07:13.066,114413.4,0.07,BTCUSDT
2025-09-30 03:07:13.066,114413.4,0.002,BTCUSDT
2025-09-30 03:07:13.066,114413.3,0.002,BTCUSDT
2025-09-30 03:07:13.066,114413.3,0.002,BTCUSDT
2025-09-30 03:07:13.066,114413.3,0.001,BTCUSDT
2025-09-30 03:07:13.066,114413.3,0.002,BTCUSDT
2025-09-30 03:07:13.066,114413.3,0.001,BTCUSDT
2025-09-30 03:07:13.072,114412.7,0.002,BTCUSDT
2025-09-30 03:07:13.072,114412.1,0.002,BTCUSDT
2025-09-30 03:07:13.072,114412.0,0.001,BTCUSDT
2025-09-30 03:07:13.072,114411.9,0.002,BTCUSDT
2025-09-30 03:07:13.072,114411.5,0.002,BTCUSDT
2025-09-30 03:07:13.072,114411.1,0.001,BTCUSDT
2025-09-30 03:07:13.072,114411.0,0.001,BTCUSDT
2025-09-30 03:07:13.072,114410.9,0.002,BTCUSDT
2025-09-30 03:07:13.072,114410.8,0.001,BTCUSDT
2025-09-30 03:07:13.072,114410.8,0.002,BTCUSDT
2025-09-30 03:07:13.072,114410.3,0.002,BTCUSDT
2025-09-30 03:07:13.072,114410.3,0.001,BTCUSDT
2025-09-30 03:07:13.072,114410.0,0.001,BTCUSDT
2025-09-30 03:07:13.072,114410.0,0.001,BTCUSDT
2025-09-30 03:07:13.093,114409.8,0.001,BTCUSDT
2025-09-30 03:07:13.093,114409.8,0.028,BTCUSDT
2025-09-30 03:07:13.127,114409.9,0.01,BTCUSDT
2025-09-30 03:07:13.256,114409.9,0.029,BTCUSDT
2025-09-30 03:07:13.386,114409.8,0.172,BTCUSDT
2025-09-30 03:07:13.386,114409.8,0.001,BTCUSDT
2025-09-30 03:07:13.386,114409.8,0.001,BTCUSDT
2025-09-30 03:07:13.386,114409.8,0.001,BTCUSDT
2025-09-30 03:07:13.386,114409.8,0.001,BTCUSDT
2025-09-30 03:07:13.386,114409.8,0.07,BTCUSDT
2025-09-30 03:07:13.386,114409.8,0.07,BTCUSDT
2025-09-30 03:07:13.386,114409.8,0.07,BTCUSDT
2025-09-30 03:07:13.386,114409.8,0.07,BTCUSDT
2025-09-30 03:07:13.386,114409.8,0.07,BTCUSDT
2025-09-30 03:07:13.386,114409.8,0.002,BTCUSDT
2025-09-30 03:07:13.386,114409.8,0.07,BTCUSDT
2025-09-30 03:07:13.386,114409.8,0.003,BTCUSDT
2025-09-30 03:07:13.386,114409.8,0.002,BTCUSDT
2025-09-30 03:07:13.386,114409.8,0.008,BTCUSDT
2025-09-30 03:07:13.386,114409.8,0.002,BTCUSDT
2025-09-30 03:07:13.386,114409.8,0.001,BTCUSDT
2025-09-30 03:07:13.386,114409.7,0.002,BTCUSDT
2025-09-30 03:07:13.386,114409.7,0.001,BTCUSDT
2025-09-30 03:07:13.386,114409.7,0.002,BTCUSDT
2025-09-30 03:07:13.388,114409.3,0.002,BTCUSDT
2025-09-30 03:07:13.388,114409.2,0.002,BTCUSDT
2025-09-30 03:07:13.388,114409.1,0.002,BTCUSDT
2025-09-30 03:07:13.388,114409.1,0.002,BTCUSDT
2025-09-30 03:07:13.388,114408.8,0.002,BTCUSDT
2025-09-30 03:07:13.388,114408.5,0.002,BTCUSDT
2025-09-30 03:07:13.398,114407.9,0.002,BTCUSDT
2025-09-30 03:07:13.398,114407.9,0.001,BTCUSDT
2025-09-30 03:07:13.398,114407.9,0.001,BTCUSDT
2025-09-30 03:07:13.398,114407.9,0.001,BTCUSDT
2025-09-30 03:07:13.398,114407.7,0.001,BTCUSDT
2025-09-30 03:07:13.398,114407.7,0.01,BTCUSDT
2025-09-30 03:07:13.398,114407.5,0.001,BTCUSDT
2025-09-30 03:07:13.398,114407.3,0.002,BTCUSDT
2025-09-30 03:07:13.398,114407.3,0.002,BTCUSDT
2025-09-30 03:07:13.398,114407.1,0.002,BTCUSDT
2025-09-30 03:07:13.398,114406.8,0.001,BTCUSDT
2025-09-30 03:07:13.398,114406.7,0.002,BTCUSDT
2025-09-30 03:07:13.398,114406.5,0.007,BTCUSDT
2025-09-30 03:07:13.398,114406.3,0.002,BTCUSDT
2025-09-30 03:07:13.398,114406.3,0.001,BTCUSDT
2025-09-30 03:07:13.398,114406.2,0.002,BTCUSDT
2025-09-30 03:07:13.398,114406.1,0.002,BTCUSDT
2025-09-30 03:07:13.398,114405.5,0.002,BTCUSDT
2025-09-30 03:07:13.398,114405.4,0.001,BTCUSDT
2025-09-30 03:07:13.398,114405.2,0.001,BTCUSDT
2025-09-30 03:07:13.418,114405.0,0.001,BTCUSDT
2025-09-30 03:07:13.418,114404.9,0.002,BTCUSDT
2025-09-30 03:07:13.418,114404.6,0.005,BTCUSDT
2025-09-30 03:07:13.418,114404.5,0.002,BTCUSDT
2025-09-30 03:07:13.418,114404.4,0.001,BTCUSDT
2025-09-30 03:07:13.418,114404.4,0.001,BTCUSDT
2025-09-30 03:07:13.454,114404.3,0.002,BTCUSDT
2025-09-30 03:07:13.454,114404.3,0.007,BTCUSDT
2025-09-30 03:07:13.478,114404.3,0.001,BTCUSDT
2025-09-30 03:07:13.487,114404.4,0.216,BTCUSDT
2025-09-30 03:07:13.552,114404.4,0.034,BTCUSDT
2025-09-30 03:07:13.593,114404.4,0.021,BTCUSDT
2025-09-30 03:07:13.823,114404.4,0.001,BTCUSDT
2025-09-30 03:07:13.929,114404.4,0.013,BTCUSDT
2025-09-30 03:07:14.041,114404.3,0.016,BTCUSDT
2025-09-30 03:07:14.041,114404.3,0.013,BTCUSDT
2025-09-30 03:07:14.243,114404.4,0.003,BTCUSDT
2025-09-30 03:07:14.581,114404.3,0.002,BTCUSDT
2025-09-30 03:07:14.589,114404.4,0.001,BTCUSDT
2025-09-30 03:07:14.729,114404.4,0.007,BTCUSDT
2025-09-30 03:07:14.918,114404.4,0.001,BTCUSDT
2025-09-30 03:07:14.921,114404.4,0.001,BTCUSDT
2025-09-30 03:07:14.976,114404.3,0.029,BTCUSDT
2025-09-30 03:07:15.191,114404.3,0.039,BTCUSDT
2025-09-30 03:07:15.191,114404.3,0.029,BTCUSDT
2025-09-30 03:07:15.194,114404.3,0.006,BTCUSDT
2025-09-30 03:07:15.421,114404.3,0.004,BTCUSDT
2025-09-30 03:07:15.533,114404.4,0.012,BTCUSDT
2025-09-30 03:07:15.543,114404.4,0.027,BTCUSDT
2025-09-30 03:07:15.553,114404.3,0.004,BTCUSDT
2025-09-30 03:07:15.755,114404.3,0.001,BTCUSDT
2025-09-30 03:07:15.859,114404.3,0.026,BTCUSDT
2025-09-30 03:07:15.859,114404.3,0.004,BTCUSDT
2025-09-30 03:07:15.954,114404.3,0.029,BTCUSDT
2025-09-30 03:07:15.966,114404.3,0.001,BTCUSDT
2025-09-30 03:07:16.337,114404.4,0.008,BTCUSDT
2025-09-30 03:07:16.379,114404.3,0.036,BTCUSDT
2025-09-30 03:07:16.379,114404.3,0.014,BTCUSDT
2025-09-30 03:07:16.676,114404.4,0.001,BTCUSDT
2025-09-30 03:07:16.898,114404.3,0.029,BTCUSDT
2025-09-30 03:07:17.140,114404.4,0.006,BTCUSDT
2025-09-30 03:07:17.614,114404.4,0.001,BTCUSDT
2025-09-30 03:07:17.764,114404.4,0.001,BTCUSDT
2025-09-30 03:07:17.764,114404.4,0.028,BTCUSDT
2025-09-30 03:07:17.921,114404.4,0.001,BTCUSDT
2025-09-30 03:07:17.941,114404.4,0.011,BTCUSDT
2025-09-30 03:07:17.999,114404.3,0.027,BTCUSDT
2025-09-30 03:07:17.999,114404.3,0.002,BTCUSDT
2025-09-30 03:07:18.674,114404.3,0.001,BTCUSDT
2025-09-30 03:07:18.743,114404.4,0.006,BTCUSDT
2025-09-30 03:07:18.984,114404.3,0.029,BTCUSDT
2025-09-30 03:07:19.174,114404.3,0.005,BTCUSDT
2025-09-30 03:07:19.434,114404.3,0.004,BTCUSDT
2025-09-30 03:07:19.545,114404.4,0.005,BTCUSDT
2025-09-30 03:07:19.764,114404.3,0.005,BTCUSDT
2025-09-30 03:07:19.895,114404.4,0.003,BTCUSDT
2025-09-30 03:07:20.089,114404.3,0.024,BTCUSDT
2025-09-30 03:07:20.089,114404.3,0.006,BTCUSDT
2025-09-30 03:07:20.349,114404.4,0.009,BTCUSDT
2025-09-30 03:07:20.504,114404.4,0.017,BTCUSDT
2025-09-30 03:07:20.567,114404.4,0.021,BTCUSDT
2025-09-30 03:07:20.646,114404.3,0.002,BTCUSDT
2025-09-30 03:07:20.646,114404.3,0.003,BTCUSDT
2025-09-30 03:07:20.646,114404.3,0.001,BTCUSDT
2025-09-30 03:07:21.152,114404.4,0.011,BTCUSDT
2025-09-30 03:07:21.160,114404.3,0.001,BTCUSDT
2025-09-30 03:07:21.186,114404.3,0.002,BTCUSDT
2025-09-30 03:07:21.186,114404.3,0.001,BTCUSDT
2025-09-30 03:07:21.186,114404.3,0.013,BTCUSDT
2025-09-30 03:07:21.186,114404.3,0.015,BTCUSDT
2025-09-30 03:07:21.245,114404.3,0.019,BTCUSDT
2025-09-30 03:07:21.709,114404.3,0.036,BTCUSDT
2025-09-30 03:07:21.710,114404.3,0.001,BTCUSDT
2025-09-30 03:07:21.710,114404.3,0.024,BTCUSDT
2025-09-30 03:07:21.956,114404.4,0.007,BTCUSDT
2025-09-30 03:07:22.084,114404.3,0.001,BTCUSDT
2025-09-30 03:07:22.272,114404.3,0.031,BTCUSDT
2025-09-30 03:07:22.759,114404.4,0.005,BTCUSDT
2025-09-30 03:07:22.901,114404.4,0.013,BTCUSDT
2025-09-30 03:07:23.293,114404.3,0.014,BTCUSDT
2025-09-30 03:07:23.293,114404.3,0.008,BTCUSDT
2025-09-30 03:07:23.293,114404.3,0.009,BTCUSDT
2025-09-30 03:07:23.559,114404.4,0.009,BTCUSDT
2025-09-30 03:07:23.647,114404.3,0.001,BTCUSDT
2025-09-30 03:07:24.125,114404.4,0.211,BTCUSDT
2025-09-30 03:07:24.125,114404.4,0.221,BTCUSDT
2025-09-30 03:07:24.125,114404.4,0.196,BTCUSDT
2025-09-30 03:07:24.214,114404.3,0.002,BTCUSDT
